<?xml version="1.0" encoding="UTF-8" ?>
<record Numero="14036854" format="InterXMarc_Complet" type="Authority">
<leader>00522c1 au22000272  45  <Pos Code="0004">00522</Pos>
<Pos Code="05" Sens="notice modifiée">c</Pos>
<Pos Code="06" Sens="notice validée en catalogage courant">1</Pos>
<Pos Code="08" Sens="notice d&apos;autorité">a</Pos>
<Pos Code="09" Sens="titre uniforme musical (TUM)">u</Pos>
<Pos Code="10">2</Pos>
<Pos Code="11">2</Pos>
<Pos Code="1216">00027</Pos>
<Pos Code="17" Sens="autres cas">2</Pos>
<Pos Code="20">4</Pos>
<Pos Code="21">5</Pos>
</leader>
<controlfield tag="001">FRBNF140368541<Pos Code="0001">FR</Pos>
<Pos Code="0204">BNF</Pos>
<Pos Code="0512">14036854</Pos>
<Pos Code="13">1</Pos>
</controlfield>
<controlfield tag="008">010110010330yy    co        1996      ....                   1   <Pos Code="0001">01</Pos>
<Pos Code="0203">01</Pos>
<Pos Code="0405">10</Pos>
<Pos Code="0607">01</Pos>
<Pos Code="0809">03</Pos>
<Pos Code="1011">30</Pos>
<Pos Code="1213" Sens="ne s&apos;applique pas">yy</Pos>
<Pos Code="1820">co </Pos>
<Pos Code="2831">1996</Pos>
<Pos Code="3841">....</Pos>
<Pos Code="61" Sens="La vedette peut être liée à une notice bibliographique sauf pour l&apos;accès matière RAMEAU">1</Pos>
</controlfield>
<datafield tag="048" ind1=" " ind2=" ">
	<subfield code="a">wc01<Pos Code="0001" Sens="instruments à vent - clarinette">wc</Pos>
<Pos Code="02">0</Pos>
<Pos Code="03">1</Pos>
</subfield>
	<subfield code="a">oa01<Pos Code="0001" Sens="orchestre - orchestre symphonique XIXe-XXe s.">oa</Pos>
<Pos Code="02">0</Pos>
<Pos Code="03">1</Pos>
</subfield>
</datafield>
<datafield tag="100" ind1=" " ind2=" ">
	<subfield code="3">13892212</subfield>
	<subfield code="w">.0..b.....</subfield>
	<subfield code="a">Carter</subfield>
	<subfield code="m">Elliott</subfield>
	<subfield code="d">1908-....</subfield>
</datafield>
<datafield tag="144" ind1="1" ind2=" ">
	<subfield code="w">....b.....</subfield>
	<subfield code="a">Concertos</subfield>
	<subfield code="b">Clarinette, orchestre</subfield>
</datafield>
<datafield tag="600" ind1=" " ind2=" ">
	<subfield code="a">Dédicace à Alain Damiens et l&apos;Ensemble Intercontemporain</subfield>
	<subfield code="a">Comprend sept parties</subfield>
	<subfield code="a">Date de composition : 1996</subfield>
	<subfield code="a">1re exécution : sous la direction de Pierre Boulez</subfield>
</datafield>
<datafield tag="610" ind1=" " ind2=" ">
	<subfield code="a">Symphonia... [etc.] / Carter, comp. Deutsche Grammophon 4596602</subfield>
</datafield>
<datafield tag="611" ind1=" " ind2=" ">
	<subfield code="a">SDC 12 140797</subfield>
</datafield>
<datafield tag="917" ind1=" " ind2=" ">
	<subfield code="o">OPC</subfield>
	<subfield code="a">101821700</subfield>
</datafield>
<Attr Nom="IDPerenne">ark:/12148/cb14036854x</Attr>
<Attr Nom="NumSource">OPC 101821700</Attr>
<Attr Nom="Source" Sens="BnF catalogue général (depuis 1999)">A</Attr>
<Attr Nom="NumAutoriteLiee">13892212</Attr>
<Attr Nom="DateCreation">10/01/ 2001</Attr>
<Attr Nom="ResponsableCreation">MIGV2</Attr>
<Attr Nom="StructCreation">1</Attr>
<Attr Nom="DateDerniereValidation">08/11/ 2010</Attr>
<Attr Nom="ResponsableDerniereValidation">MIGV4</Attr>
<Attr Nom="StructPremiereValidation">1</Attr>
<Attr Nom="DatePremiereValidation">10/01/ 2001</Attr>
<Attr Nom="ResponsablePremiereValidation">MIGV2</Attr>
<Attr Nom="StructDerniereValidation">1</Attr>
<Attr Nom="NumSource">OPP 14723076</Attr>
</record>
